[gd_scene load_steps=7 format=2]

[ext_resource path="res://asset/art/mushrooms/Bread Shroom Small.png" type="Texture" id=1]
[ext_resource path="res://scripts/breadshroom.gd" type="Script" id=2]
[ext_resource path="res://asset/art/mushrooms/Bread Shroom Full.png" type="Texture" id=3]
[ext_resource path="res://asset/music/effects/Mushroom Grown.ogg" type="AudioStream" id=4]

[sub_resource type="SpriteFrames" id=1]
animations = [ {
"frames": [ ExtResource( 1 ) ],
"loop": true,
"name": "small",
"speed": 5.0
}, {
"frames": [ ExtResource( 3 ) ],
"loop": true,
"name": "grown",
"speed": 5.0
} ]

[sub_resource type="CapsuleShape2D" id=2]
radius = 18.4324

[node name="breadshroom" type="Area2D"]
script = ExtResource( 2 )

[node name="click" type="TextureButton" parent="."]
margin_left = -56.5135
margin_top = -67.6214
margin_right = 53.4865
margin_bottom = 48.3786
action_mode = 0
__meta__ = {
"_edit_use_anchors_": false
}

[node name="AnimatedSprite" type="AnimatedSprite" parent="."]
position = Vector2( -0.870557, -0.524906 )
scale = Vector2( 0.457165, 0.461615 )
frames = SubResource( 1 )
animation = "small"

[node name="CollisionShape2D" type="CollisionShape2D" parent="."]
position = Vector2( 0.091843, -0.2096 )
shape = SubResource( 2 )

[node name="growtimer" type="Timer" parent="."]
wait_time = 15.0
one_shot = true

[node name="popup" type="CanvasLayer" parent="."]

[node name="harvestcompost" type="PopupMenu" parent="popup"]
anchor_left = -0.048
anchor_top = 0.339
anchor_right = -0.048
anchor_bottom = 0.339
margin_left = 89.0771
margin_top = -291.912
margin_right = 233.077
margin_bottom = -216.912
hide_on_checkable_item_selection = false
__meta__ = {
"_edit_use_anchors_": false
}

[node name="harvest" type="Button" parent="popup/harvestcompost"]
margin_left = 10.0
margin_top = 10.0
margin_right = 130.0
margin_bottom = 30.0
rect_pivot_offset = Vector2( 55, 27 )
text = "Harvest"
__meta__ = {
"_edit_use_anchors_": false
}

[node name="compost" type="Button" parent="popup/harvestcompost"]
margin_left = 10.0
margin_top = 40.0
margin_right = 130.0
margin_bottom = 60.0
rect_pivot_offset = Vector2( 55, 27 )
text = "Compost"
__meta__ = {
"_edit_use_anchors_": false
}

[node name="MushroomGrownPlay" type="AudioStreamPlayer" parent="."]
stream = ExtResource( 4 )

[connection signal="pressed" from="click" to="." method="_on_TextureButton_pressed"]
[connection signal="timeout" from="growtimer" to="." method="_on_growtimer_timeout"]
[connection signal="pressed" from="popup/harvestcompost/harvest" to="." method="_on_harvest_pressed"]
[connection signal="pressed" from="popup/harvestcompost/compost" to="." method="_on_compost_pressed"]
